<?xml version="1.0" encoding="UTF-8"?>
<marc:collection xmlns:marc="http://www.loc.gov/MARC21/slim" xmlns:xsi="http://www.w3.org/2001/XMLSchema-instance" xsi:schemaLocation="http://www.loc.gov/MARC21/slim http://www.loc.gov/standards/marcxml/schema/MARC21slim.xsd">
    <marc:record>
        <marc:leader>00682naa a2200193 i 4500</marc:leader>
        <marc:controlfield tag="001">000002449011</marc:controlfield>
        <marc:controlfield tag="003">ItFiC</marc:controlfield>
        <marc:controlfield tag="005">20110323084149.0</marc:controlfield>
        <marc:controlfield tag="008">110323s1999    xx      s    u000 u ita c</marc:controlfield>
        <marc:datafield tag="040" ind1=" " ind2=" ">
            <marc:subfield code="a">ItFiC</marc:subfield>
            <marc:subfield code="b">eng</marc:subfield>
            <marc:subfield code="c">ItFiC</marc:subfield>
        </marc:datafield>
        <marc:datafield tag="092" ind1=" " ind2=" ">
            <marc:subfield code="a">2449011</marc:subfield>
        </marc:datafield>
        <marc:datafield tag="097" ind1="0" ind2=" ">
            <marc:subfield code="a">2448043</marc:subfield>
            <marc:subfield code="b">015</marc:subfield>
            <marc:subfield code="c">2449011</marc:subfield>
            <marc:subfield code="d">0002</marc:subfield>
        </marc:datafield>
        <marc:datafield tag="245" ind1="1" ind2="2">
            <marc:subfield code="a">L'importanza dell'autonomia :</marc:subfield>
            <marc:subfield code="b">premesse teoriche e considerazioni pratiche /</marc:subfield>
            <marc:subfield code="c">Freddi, Maria.</marc:subfield>
        </marc:datafield>
        <marc:datafield tag="260" ind1=" " ind2=" ">
            <marc:subfield code="a">Bologna :</marc:subfield>
            <marc:subfield code="b">CLUEB,</marc:subfield>
            <marc:subfield code="c">1999.</marc:subfield>
        </marc:datafield>
        <marc:datafield tag="700" ind1="1" ind2=" ">
            <marc:subfield code="a">Freddi, Maria.</marc:subfield>
        </marc:datafield>
        <marc:datafield tag="773" ind1="0" ind2=" ">
            <marc:subfield code="t">Percorsi assistiti nell'auto-apprendimento.</marc:subfield>
            <marc:subfield code="d">Bologna : CLUEB, 1999.</marc:subfield>
            <marc:subfield code="k">Manuali &amp; antologie</marc:subfield>
            <marc:subfield code="z">88-491-1405-2</marc:subfield>
            <marc:subfield code="w">()2448043</marc:subfield>
        </marc:datafield>
        <marc:datafield tag="910" ind1=" " ind2=" ">
            <marc:subfield code="a">Bibl. data</marc:subfield>
            <marc:subfield code="e">Torrossa Fulltext Resource</marc:subfield>
            <marc:subfield code="g">Casalini Libri</marc:subfield>
        </marc:datafield>
        <marc:datafield tag="943" ind1=" " ind2=" ">
            <marc:subfield code="a">134</marc:subfield>
            <marc:subfield code="b">S</marc:subfield>
        </marc:datafield>
        <marc:datafield tag="998" ind1=" " ind2=" ">
            <marc:subfield code="a">FBO170</marc:subfield>
        </marc:datafield>
    </marc:record>