
    <marc:record>
        <marc:leader>00669naa a2200193 i 4500</marc:leader>
        <marc:controlfield tag="001">000002284283</marc:controlfield>
        <marc:controlfield tag="003">ItFiC</marc:controlfield>
        <marc:controlfield tag="005">20091115145739.0</marc:controlfield>
        <marc:controlfield tag="008">091115s2005    xx      s    u100 u und c</marc:controlfield>
        <marc:datafield tag="040" ind1=" " ind2=" ">
            <marc:subfield code="a">ItFiC</marc:subfield>
            <marc:subfield code="b">eng</marc:subfield>
            <marc:subfield code="c">ItFiC</marc:subfield>
        </marc:datafield>
        <marc:datafield tag="092" ind1=" " ind2=" ">
            <marc:subfield code="a">2284283</marc:subfield>
        </marc:datafield>
        <marc:datafield tag="097" ind1="0" ind2=" ">
            <marc:subfield code="a">2249532</marc:subfield>
            <marc:subfield code="b">015</marc:subfield>
            <marc:subfield code="c">2284283</marc:subfield>
            <marc:subfield code="d">0034</marc:subfield>
        </marc:datafield>
        <marc:datafield tag="245" ind1="1" ind2="0">
            <marc:subfield code="a">Paratesto ed editoria teatrale :</marc:subfield>
            <marc:subfield code="b">il programma di sala /</marc:subfield>
            <marc:subfield code="c">Di Carlo, Carla.</marc:subfield>
        </marc:datafield>
        <marc:datafield tag="260" ind1=" " ind2=" ">
            <marc:subfield code="a">Roma :</marc:subfield>
            <marc:subfield code="b">Edizioni dell'Ateneo,</marc:subfield>
            <marc:subfield code="c">2005.</marc:subfield>
        </marc:datafield>
        <marc:datafield tag="700" ind1="1" ind2=" ">
            <marc:subfield code="a">Di Carlo, Carla.</marc:subfield>
        </marc:datafield>
        <marc:datafield tag="773" ind1="0" ind2=" ">
            <marc:subfield code="t">Dintorni del testo.</marc:subfield>
            <marc:subfield code="d">Roma : Edizioni dell'Ateneo, 2005.</marc:subfield>
            <marc:subfield code="k">Biblioteca di Paratesto</marc:subfield>
            <marc:subfield code="z">88-8476-101-8</marc:subfield>
            <marc:subfield code="w">()2249532</marc:subfield>
        </marc:datafield>
        <marc:datafield tag="910" ind1=" " ind2=" ">
            <marc:subfield code="a">Bibl. data</marc:subfield>
            <marc:subfield code="e">Torrossa Fulltext Resource</marc:subfield>
            <marc:subfield code="g">Casalini Libri</marc:subfield>
        </marc:datafield>
        <marc:datafield tag="943" ind1=" " ind2=" ">
            <marc:subfield code="a">97</marc:subfield>
            <marc:subfield code="b">S</marc:subfield>
        </marc:datafield>
        <marc:datafield tag="998" ind1=" " ind2=" ">
            <marc:subfield code="a">FR2950</marc:subfield>
        </marc:datafield>
    </marc:record>