
    <marc:record>
        <marc:leader>00608naa a2200193 i 4500</marc:leader>
        <marc:controlfield tag="001">000002433363</marc:controlfield>
        <marc:controlfield tag="003">ItFiC</marc:controlfield>
        <marc:controlfield tag="005">20101109235337.0</marc:controlfield>
        <marc:controlfield tag="008">101109s2006    xx      s    u000 u ita c</marc:controlfield>
        <marc:datafield tag="040" ind1=" " ind2=" ">
            <marc:subfield code="a">ItFiC</marc:subfield>
            <marc:subfield code="b">eng</marc:subfield>
            <marc:subfield code="c">ItFiC</marc:subfield>
        </marc:datafield>
        <marc:datafield tag="092" ind1=" " ind2=" ">
            <marc:subfield code="a">2433363</marc:subfield>
        </marc:datafield>
        <marc:datafield tag="097" ind1="0" ind2=" ">
            <marc:subfield code="a">2413794</marc:subfield>
            <marc:subfield code="b">015</marc:subfield>
            <marc:subfield code="c">2433363</marc:subfield>
            <marc:subfield code="d">0001</marc:subfield>
        </marc:datafield>
        <marc:datafield tag="245" ind1="1" ind2="0">
            <marc:subfield code="a">Prefazione /</marc:subfield>
            <marc:subfield code="c">Rossi, Lino.</marc:subfield>
        </marc:datafield>
        <marc:datafield tag="260" ind1=" " ind2=" ">
            <marc:subfield code="a">Bologna :</marc:subfield>
            <marc:subfield code="b">CLUEB,</marc:subfield>
            <marc:subfield code="c">2006.</marc:subfield>
        </marc:datafield>
        <marc:datafield tag="700" ind1="1" ind2=" ">
            <marc:subfield code="a">Rossi, Lino.</marc:subfield>
        </marc:datafield>
        <marc:datafield tag="773" ind1="0" ind2=" ">
            <marc:subfield code="a">Rossi, Lino.</marc:subfield>
            <marc:subfield code="t">Occasioni IV.</marc:subfield>
            <marc:subfield code="d">Bologna : CLUEB, 2006.</marc:subfield>
            <marc:subfield code="k">Relazioni e significati. Studi</marc:subfield>
            <marc:subfield code="z">88-491-2609-3</marc:subfield>
            <marc:subfield code="w">()2413794</marc:subfield>
        </marc:datafield>
        <marc:datafield tag="910" ind1=" " ind2=" ">
            <marc:subfield code="a">Bibl. data</marc:subfield>
            <marc:subfield code="e">Torrossa Fulltext Resource</marc:subfield>
            <marc:subfield code="g">Casalini Libri</marc:subfield>
        </marc:datafield>
        <marc:datafield tag="943" ind1=" " ind2=" ">
            <marc:subfield code="a">75</marc:subfield>
            <marc:subfield code="b">S</marc:subfield>
        </marc:datafield>
        <marc:datafield tag="998" ind1=" " ind2=" ">
            <marc:subfield code="a">FBO170</marc:subfield>
        </marc:datafield>
    </marc:record>