
    <marc:record>
        <marc:leader>00880naa a2200193 i 4500</marc:leader>
        <marc:controlfield tag="001">000002294864</marc:controlfield>
        <marc:controlfield tag="003">ItFiC</marc:controlfield>
        <marc:controlfield tag="005">20091115152738.0</marc:controlfield>
        <marc:controlfield tag="008">091115s2006    xx      s    u100 u und c</marc:controlfield>
        <marc:datafield tag="040" ind1=" " ind2=" ">
            <marc:subfield code="a">ItFiC</marc:subfield>
            <marc:subfield code="b">eng</marc:subfield>
            <marc:subfield code="c">ItFiC</marc:subfield>
        </marc:datafield>
        <marc:datafield tag="092" ind1=" " ind2=" ">
            <marc:subfield code="a">2294864</marc:subfield>
        </marc:datafield>
        <marc:datafield tag="097" ind1="0" ind2=" ">
            <marc:subfield code="a">2251618</marc:subfield>
            <marc:subfield code="b">015</marc:subfield>
            <marc:subfield code="c">2294864</marc:subfield>
            <marc:subfield code="d">0004</marc:subfield>
        </marc:datafield>
        <marc:datafield tag="245" ind1="1" ind2="0">
            <marc:subfield code="a">In memoria di Laura e d'altri amati :</marc:subfield>
            <marc:subfield code="b">il ricordo della vedovanza napoletana di Vittoria Colonna in alcuni contemporanei e di poco posteriori /</marc:subfield>
            <marc:subfield code="c">de Miranda, Girolamo.</marc:subfield>
        </marc:datafield>
        <marc:datafield tag="260" ind1=" " ind2=" ">
            <marc:subfield code="a">Pisa [etc.] :</marc:subfield>
            <marc:subfield code="b">Istituti editoriali e poligrafici internazionali,</marc:subfield>
            <marc:subfield code="c">2006.</marc:subfield>
        </marc:datafield>
        <marc:datafield tag="700" ind1="1" ind2=" ">
            <marc:subfield code="a">de Miranda, Girolamo.</marc:subfield>
        </marc:datafield>
        <marc:datafield tag="773" ind1="0" ind2=" ">
            <marc:subfield code="t">Petrarca e Napoli.</marc:subfield>
            <marc:subfield code="d">Pisa [etc.] : Istituti editoriali e poligrafici internazionali, 2006.</marc:subfield>
            <marc:subfield code="k">Atti / Istituto nazionale di studi sul Rinascimento meridionale</marc:subfield>
            <marc:subfield code="z">978-88-8147-578-0</marc:subfield>
            <marc:subfield code="w">()2251618</marc:subfield>
        </marc:datafield>
        <marc:datafield tag="910" ind1=" " ind2=" ">
            <marc:subfield code="a">Bibl. data</marc:subfield>
            <marc:subfield code="e">Torrossa Fulltext Resource</marc:subfield>
            <marc:subfield code="g">Casalini Libri</marc:subfield>
        </marc:datafield>
        <marc:datafield tag="943" ind1=" " ind2=" ">
            <marc:subfield code="a">230</marc:subfield>
            <marc:subfield code="b">S</marc:subfield>
        </marc:datafield>
        <marc:datafield tag="998" ind1=" " ind2=" ">
            <marc:subfield code="a">FPI426</marc:subfield>
        </marc:datafield>
    </marc:record>