
    <marc:record>
        <marc:leader>00637naa a2200193 i 4500</marc:leader>
        <marc:controlfield tag="001">000002264726</marc:controlfield>
        <marc:controlfield tag="003">ItFiC</marc:controlfield>
        <marc:controlfield tag="005">20091115140211.0</marc:controlfield>
        <marc:controlfield tag="008">091115s2003    xx      s    u000 u und c</marc:controlfield>
        <marc:datafield tag="040" ind1=" " ind2=" ">
            <marc:subfield code="a">ItFiC</marc:subfield>
            <marc:subfield code="b">eng</marc:subfield>
            <marc:subfield code="c">ItFiC</marc:subfield>
        </marc:datafield>
        <marc:datafield tag="092" ind1=" " ind2=" ">
            <marc:subfield code="a">2264726</marc:subfield>
        </marc:datafield>
        <marc:datafield tag="097" ind1="0" ind2=" ">
            <marc:subfield code="a">2251420</marc:subfield>
            <marc:subfield code="b">015</marc:subfield>
            <marc:subfield code="c">2264726</marc:subfield>
            <marc:subfield code="d">0002</marc:subfield>
        </marc:datafield>
        <marc:datafield tag="245" ind1="1" ind2="0">
            <marc:subfield code="a">Prefazione /</marc:subfield>
            <marc:subfield code="c">Marchesini, Simona.</marc:subfield>
        </marc:datafield>
        <marc:datafield tag="260" ind1=" " ind2=" ">
            <marc:subfield code="a">Pisa :</marc:subfield>
            <marc:subfield code="b">Giardini,</marc:subfield>
            <marc:subfield code="c">2003.</marc:subfield>
        </marc:datafield>
        <marc:datafield tag="700" ind1="1" ind2=" ">
            <marc:subfield code="a">Marchesini, Simona.</marc:subfield>
        </marc:datafield>
        <marc:datafield tag="773" ind1="0" ind2=" ">
            <marc:subfield code="t">Linguistica è storia.</marc:subfield>
            <marc:subfield code="d">Pisa : Giardini, 2003.</marc:subfield>
            <marc:subfield code="k">Ricerche sulle lingue di frammentaria attestazione</marc:subfield>
            <marc:subfield code="z">88-427-0304-4</marc:subfield>
            <marc:subfield code="w">()2251420</marc:subfield>
        </marc:datafield>
        <marc:datafield tag="910" ind1=" " ind2=" ">
            <marc:subfield code="a">Bibl. data</marc:subfield>
            <marc:subfield code="e">Torrossa Fulltext Resource</marc:subfield>
            <marc:subfield code="g">Casalini Libri</marc:subfield>
        </marc:datafield>
        <marc:datafield tag="943" ind1=" " ind2=" ">
            <marc:subfield code="a">41</marc:subfield>
            <marc:subfield code="b">S</marc:subfield>
        </marc:datafield>
        <marc:datafield tag="998" ind1=" " ind2=" ">
            <marc:subfield code="a">FPI420</marc:subfield>
        </marc:datafield>
    </marc:record>