
    <marc:record>
        <marc:leader>00646naa a2200181 i 4500</marc:leader>
        <marc:controlfield tag="001">000002291615</marc:controlfield>
        <marc:controlfield tag="003">ItFiC</marc:controlfield>
        <marc:controlfield tag="005">20091115151824.0</marc:controlfield>
        <marc:controlfield tag="008">091115s2007    xx      s    u000 u und c</marc:controlfield>
        <marc:datafield tag="040" ind1=" " ind2=" ">
            <marc:subfield code="a">ItFiC</marc:subfield>
            <marc:subfield code="b">eng</marc:subfield>
            <marc:subfield code="c">ItFiC</marc:subfield>
        </marc:datafield>
        <marc:datafield tag="092" ind1=" " ind2=" ">
            <marc:subfield code="a">2291615</marc:subfield>
        </marc:datafield>
        <marc:datafield tag="097" ind1="0" ind2=" ">
            <marc:subfield code="a">2251419</marc:subfield>
            <marc:subfield code="b">015</marc:subfield>
            <marc:subfield code="c">2291615</marc:subfield>
            <marc:subfield code="d">0002</marc:subfield>
        </marc:datafield>
        <marc:datafield tag="245" ind1="0" ind2="0">
            <marc:subfield code="a">Premessa.</marc:subfield>
        </marc:datafield>
        <marc:datafield tag="260" ind1=" " ind2=" ">
            <marc:subfield code="a">Pisa [etc.] :</marc:subfield>
            <marc:subfield code="b">Gruppo editoriale internazionale,</marc:subfield>
            <marc:subfield code="c">2007.</marc:subfield>
        </marc:datafield>
        <marc:datafield tag="773" ind1="0" ind2=" ">
            <marc:subfield code="t">Studi di onomastica e letteratura offerti a a Bruno Porcelli.</marc:subfield>
            <marc:subfield code="d">Pisa [etc.] : Gruppo editoriale internazionale, 2007.</marc:subfield>
            <marc:subfield code="k">Studia erudita</marc:subfield>
            <marc:subfield code="z">978-88-8011-130-6</marc:subfield>
            <marc:subfield code="w">()2251419</marc:subfield>
        </marc:datafield>
        <marc:datafield tag="910" ind1=" " ind2=" ">
            <marc:subfield code="a">Bibl. data</marc:subfield>
            <marc:subfield code="e">Torrossa Fulltext Resource</marc:subfield>
            <marc:subfield code="g">Casalini Libri</marc:subfield>
        </marc:datafield>
        <marc:datafield tag="943" ind1=" " ind2=" ">
            <marc:subfield code="a">34</marc:subfield>
            <marc:subfield code="b">S</marc:subfield>
        </marc:datafield>
        <marc:datafield tag="998" ind1=" " ind2=" ">
            <marc:subfield code="a">FPI425</marc:subfield>
        </marc:datafield>
    </marc:record>